<?xml version="1.0" encoding="UTF-8"?><collection xmlns="http://www.loc.gov/MARC21/slim"><record><leader>00441nam--2200145-i-4500</leader><controlfield tag="001">000011342</controlfield><controlfield tag="002">20161230</controlfield><controlfield tag="005">20170208131129</controlfield><controlfield tag="008">060222s1000------------r-----000-0-eng-d</controlfield><datafield ind1=" " ind2=" " tag="100"><subfield code="a">Danger, Gerard</subfield></datafield><datafield ind1=" " ind2=" " tag="245"><subfield code="a">Etude cinetique de la carboreduction du dyoxyde d uranium</subfield></datafield><datafield ind1=" " ind2=" " tag="260"><subfield code="a">Grenoble</subfield><subfield code="b">Universite Scientifique Et Medicale</subfield><subfield code="c">1973</subfield></datafield><datafield ind1=" " ind2=" " tag="300"><subfield code="a">84 p.+ 21 p. Annexe</subfield></datafield><datafield ind1=" " ind2=" " tag="852"><subfield code="a">543.242(043):546.791-31(043)</subfield></datafield><datafield ind1=" " ind2=" " tag="CAT"><subfield code="a">SYS</subfield><subfield code="c">20170208</subfield><subfield code="h">131129</subfield></datafield></record></collection>